@inproceedings{stone2010ad,
  title={Ad Hoc Autonomous Agent Teams: Collaboration without Pre-Coordination.},
  author={Stone, Peter and Kaminka, Gal A and Kraus, Sarit and Rosenschein, Jeffrey S and others},
  booktitle={AAAI},
  year={2010}
}

@inproceedings{barrett2011empirical,
  title={Empirical evaluation of ad hoc teamwork in the pursuit domain},
  author={Barrett, Samuel and Stone, Peter and Kraus, Sarit},
  booktitle={The 10th International Conference on Autonomous Agents and Multiagent Systems-Volume 2},
  pages={567--574},
  year={2011},
  organization={International Foundation for Autonomous Agents and Multiagent Systems}
}

@inproceedings{barrett2011adhoc,
  author = {Samuel Barrett and Peter Stone},
  title = {Ad Hoc Teamwork Modeled with Multi-armed Bandits: An Extension to Discounted Infinite Rewards},
 booktitle ={Tenth International Conference on Autonomous Agents and Multiagent Systems - Adaptive Learning Agents Workshop (ALA)},
  location = {Taipei, Taiwan},
  month = {May},
  year = {2011}
}



@inproceedings{barrett2013team,
  author = {Samuel Barrett and Peter Stone and Sarit Kraus and Avi Rosenfeld},
  title = {Teamwork with Limited Knowledge of Teammates},
  booktitle = {Proceedings of the Twenty-Seventh AAAI Conference on Artificial Intelligence},
  location = {Bellevue, Washington, USA},
  month = {July},
  year = {2013}
}

@inproceedings{barrett2013communicating,
title={Communicating with Unknown Teammates},
author={Samuel Barrett and Noa Agmon and Noam Hazon and Sarit Kraus and Peter Stone},
booktitle={AAMAS Adaptive Learning Agents (ALA) Workshop},
month={May},
url="http://www.cs.utexas.edu/users/ai-lab/?barrett:ala13",
year={2013}
}
