@article{steels2012grounding,
  title={Grounding Language through Evolutionary Language Games},
  author={Steels, L.},
  journal={Language Grounding in Robots},
  pages={1--22},
  year={2012},
  publisher={Springer}
}

@article{steels2002aibos,
  title={Aibos first words: The social learning of language and meaning},
  author={Steels, L. and Kaplan, F.},
  journal={Evolution of communication},
  volume={4},
  number={1},
  pages={3--32},
  year={2002},
  publisher={John Benjamins Publishing Company}
}

@article{cangelosi2010integration,
  title={Integration of action and language knowledge: A roadmap for developmental robotics},
  author={Cangelosi, A. and Metta, G. and Sagerer, G. and Nolfi, S. and Nehaniv, C. and Fischer, K. and Tani, J. and Belpaeme, T. and Sandini, G. and Nori, F. and others},
  journal={Autonomous Mental Development, IEEE Transactions on},
  volume={2},
  number={3},
  pages={167--195},
  year={2010},
  publisher={IEEE}
}

@article{kaplan2008computational,
  title={Computational models in the debate over language learnability},
  author={Kaplan, F. and Oudeyer, P.Y. and Bergen, B.},
  journal={infant and child development},
  volume={17},
  number={1},
  pages={55--80},
  year={2008},
  publisher={Wiley Online Library}
}

@article{steels2003evolving,
  title={Evolving grounded communication for robots},
  author={Steels, L.},
  journal={Trends in cognitive sciences},
  volume={7},
  number={7},
  pages={308--312},
  year={2003},
  publisher={Elsevier}
}

@book{brent1997computational,
  title={Computational approaches to language acquisition},
  author={Brent, M.R.},
  year={1997},
  publisher={MIT Press}
}

@article{yu2007unified,
  title={A unified model of early word learning: Integrating statistical and social cues},
  author={Yu, C. and Ballard, D.H.},
  journal={Neurocomputing},
  volume={70},
  number={13},
  pages={2149--2165},
  year={2007},
  publisher={Elsevier}
}

@book{quine1964word,
  title={Word and object},
  author={Quine, W.V.O.},
  volume={4},
  year={1964},
  publisher={MIT press}
}

@incollection{steels06spatialLanguage,
  author={Luc Steels and Martin Loetzsch},
  title={Perspective Alignment in Spatial Language},
  year={2007},
  editor={Coventry, Kenny R. and Tenbrink, Thora and Bateman, John. A},
  publisher={Oxford University Press},
  booktitle={Spatial Language and Dialogue},
  note={to appear},
  url={http://www.isrl.uiuc.edu/~amag/langev/paper/steels06spatialLanguage.html}
}

@article{steels2008can,
  title={Can body language shape body image},
  author={Steels, L. and Spranger, M.},
  journal={Artificial Life XI},
  volume={11},
  pages={577--584},
  year={2008}
}

@article{xu2007word,
  title={Word learning as Bayesian inference.},
  author={Xu, F. and Tenenbaum, J.B.},
  journal={Psychological review},
  volume={114},
  number={2},
  pages={245},
  year={2007},
  publisher={American Psychological Association}
}

@article{smith2008infants,
  title={Infants rapidly learn word-referent mappings via cross-situational statistics},
  author={Smith, L. and Yu, C.},
  journal={Cognition},
  volume={106},
  number={3},
  pages={1558--1568},
  year={2008},
  publisher={Elsevier}
}

@article{roy2005semiotic,
  title={Semiotic schemas: A framework for grounding language in action and perception},
  author={Roy, D.},
  journal={Artificial Intelligence},
  volume={167},
  number={1},
  pages={170--205},
  year={2005},
  publisher={Elsevier}
}

@article{steels2008robot,
  title={The robot in the mirror},
  author={Steels, L. and Spranger, M.},
  journal={Connection Science},
  volume={20},
  number={4},
  pages={337--358},
  year={2008},
  publisher={Taylor \& Francis}
}

@article{Massera2010,
author = {Massera, Gianluca and Tuci, Elio and Ferrauto, Tomassino and Nolfi, Stefano},
file = {:mnt/data/work/biblio/articles/Massera.2010.Grasping\_withLinguistic.pdf:pdf},
journal = {IEEE Computational Intelligence Magazine},
number = {3},
pages = {33--42},
title = {{The Facilitatory Role of Linguistic Instructions on Developing Manipulation Skills}},
volume = {5},
year = {2010}
}

@article{sugita05a,
    Author = {Sugita, Y. and Tani, J.},
    Journal = {Adaptive Behavior},
    Number = {1--2},
    Pages = {33--52},
    Title = {Learning Semantic Combinatoriality from the Interaction between Linguistic and Behavioral Processes},
    Volume = {13},
    Year = {2005}
}

@inproceedings{heckmann2009teaching,
  title={Teaching a humanoid robot: Headset-free speech interaction for audio-visual association learning},
  author={Heckmann, M. and Brandl, H. and Schmuedderich, J. and Domont, X. and Bolder, B. and Mikhailova, I. and Janssen, H. and Gienger, M. and Bendig, A. and Rodemann, T. and others},
  booktitle={Robot and Human Interactive Communication, RO-MAN.},
  pages={422--427},
  year={2009},
  organization={IEEE}
}

@inproceedings{cederborg2011imitating,
  title={Imitating operations on internal cognitive structures for language aquisition},
  author={Cederborg, T. and Oudeyer, P.Y.},
  booktitle={Humanoid Robots (Humanoids), 2011 11th IEEE-RAS International Conference on},
  pages={650--657},
  year={2011},
  organization={IEEE}
}

@article{steels2012fluid,
  title={Fluid Construction Grammar on Real Robots},
  author={Steels, Luc and Beule, Joachim and Wellens, Pieter},
  journal={Language Grounding in Robots},
  pages={195--213},
  year={2012},
  publisher={Springer}
}

@article{de2000self,
  title={Self-organization in vowel systems},
  author={De Boer, B.},
  journal={Journal of Phonetics},
  volume={28},
  number={4},
  pages={441--465},
  year={2000},
  publisher={Elsevier}
}

@book{oudeyer2006self,
  title={Self-organization in the evolution of speech},
  author={Oudeyer, P.Y. and Hurford, J.R.},
  year={2006},
  publisher={Oxford University Press Oxford}
}

@article{roy02a,
    Author = {Roy, D. and Pentland, A.},
    Journal = {Cognitive science},
    Pages = {113--146},
    Title = {Learning words from sights and sounds: A computational model},
    Volume = {26},
    Year = {2002}
}

@article{lyon2012interactive,
  title={Interactive Language Learning by Robots: The Transition from Babbling to Word Forms},
  author={Lyon, C. and Nehaniv, C.L. and Saunders, J.},
  journal={PloS one},
  volume={7},
  number={6},
  pages={e38236},
  year={2012},
  publisher={Public Library of Science}
}

@article{cangelosi06b,
    Author = {A. Cangelosi and T. Riga},
    Journal = {Cognitive Science},
    Number = {4},
    Pages = {673--689},
    Title = {An Embodied Model for Sensorimotor Grounding and Grounding Transfer: Experiments with Epigenetic Robots},
    Volume = {30},
    Year = {2006}
}

@article{yu2004multimodal,
  title={A multimodal learning interface for grounding spoken language in sensory perceptions},
  author={Yu, C. and Ballard, D.H.},
  journal={ACM Transactions on Applied Perception (TAP)},
  volume={1},
  number={1},
  pages={57--80},
  year={2004},
  publisher={ACM}
}

@article{dominey2005learning,
  title={Learning to talk about events from narrated video in a construction grammar framework},
  author={Dominey, P.F. and Boucher, J.D.},
  journal={Artificial Intelligence},
  volume={167},
  number={1},
  pages={31--61},
  year={2005},
  publisher={Elsevier}
}

@article{kaplan2006challenges,
  title={The challenges of joint attention},
  author={Kaplan, F. and Hafner, V.V.},
  journal={Interaction Studies},
  volume={7},
  number={2},
  pages={135--169},
  year={2006},
  publisher={John Benjamins Publishing Company}
}

@article{yu2005role,
  title={The role of embodied intention in early lexical acquisition},
  author={Yu, C. and Ballard, D.H. and Aslin, R.N.},
  journal={Cognitive Science},
  volume={29},
  number={6},
  pages={961--1005},
  year={2005},
  publisher={Wiley Online Library}
}

@article{rohlfing2006can,
  title={How can multimodal cues from child-directed interaction reduce learning complexity in robots?},
  author={Rohlfing, K.J. and Fritsch, J. and Wrede, B. and Jungmann, T.},
  journal={Advanced Robotics},
  volume={20},
  number={10},
  pages={1183--1199},
  year={2006},
  publisher={Taylor \& Francis}
}

@article{schillingmann2011acoustic,
  title={Acoustic Packaging and the Learning of Words},
  author={Schillingmann, L. and Wagner, P. and Munier, C. and Wrede, B. and Rohlfing, K.},
  journal={Frontiers in Computational Neuroscience},
  volume={5},
  pages={20},
  year={2011},
  publisher={Frontiers}
}

@book{cangelosi2002simulating,
  title={Simulating the evolution of language},
  author={Cangelosi, Angelo and Parisi, Domenico},
  year={2002},
  publisher={Springer London}
}

@book{steels2012experiments,
  title={Experiments in cultural language evolution},
  author={Steels, Luc},
  volume={3},
  year={2012},
  publisher={John Benjamins Publishing}
}

