@ONLINE{baxter,
author = {E. Guizzo and E. Ackerman},
title = {How Rethink Robotics Built Its New Baxter Robot Worker},
month = {October},
year = {2012},
url = {http://spectrum.ieee.org/robotics/industrial-robots/rethink-robotics-baxter-robot-factory-worker}
}

@article{gates2007robot,
  title={A robot in every home},
  author={Gates, Bill},
  journal={Scientific American},
  volume={296},
  number={1},
  pages={58--65},
  year={2007},
  publisher={Nature Publishing Group}
}

@article{zheng2001comparison,
  title={Comparison of different implementations of MFCC},
  author={Zheng, F. and Zhang, G. and Song, Z.},
  journal={Journal of Computer Science and Technology},
  volume={16},
  number={6},
  pages={582--589},
  year={2001},
  publisher={Springer}
}

@article{sakoe1978dynamic,
  title={Dynamic programming algorithm optimization for spoken word recognition},
  author={Sakoe, H. and Chiba, S.},
  journal={Acoustics, Speech and Signal Processing, IEEE Transactions on},
  volume={26},
  number={1},
  pages={43--49},
  year={1978},
  publisher={IEEE}
}

@article{platt1999probabilistic,
  title={Probabilistic outputs for support vector machines and comparisons to regularized likelihood methods},
  author={Platt, J. and others},
  journal={Advances in large margin classifiers},
  volume={10},
  number={3},
  pages={61--74},
  year={1999},
  publisher={Cambridge, MA}
}

@inproceedings{wittenburg2006elan,
  title={Elan: a professional framework for multimodality research},
  author={Wittenburg, Peter and Brugman, Hennie and Russel, Albert and Klassmann, Alex and Sloetjes, Han},
  booktitle={Proceedings of LREC},
  volume={2006},
  year={2006}
}


@article{friedman1989regularized,
  title={{Regularized discriminant analysis}},
  author={Friedman, Jerome H},
  journal={Journal of the American statistical association},
  volume={84},
  number={405},
  pages={165--175},
  year={1989},
  publisher={Taylor \& Francis}
}   

@article{ledoit2004well,
  title={{A well-conditioned estimator for large-dimensional covariance matrices}},
  author={Ledoit, Olivier and Wolf, Michael},
  journal={Journal of multivariate analysis},
  volume={88},
  number={2},
  pages={365--411},
  year={2004},
  publisher={Elsevier}
}

@article{bengio2004no,
  title={{No unbiased estimator of the variance of k-fold cross-validation}},
  author={Bengio, Yoshua and Grandvalet, Yves},
  journal={The Journal of Machine Learning Research},
  volume={5},
  pages={1089--1105},
  year={2004}
}

@article{Kailath67,
  title={{The divergence and Bhattacharyya distance measures in signal selection}},
  author={T. Kailath},
  journal={IEEE Trans. Commun. Technol.},
  volume={15},
  number={3},
  pages={52-60},
  year={1967}
}

@article{lee2000bayes,
  title={{Bayes error evaluation of the Gaussian ML classifier}},
  author={Lee, Chulhee and Choi, Euisun},
  journal={Geoscience and Remote Sensing, IEEE Transactions on},
  volume={38},
  number={3},
  pages={1471--1475},
  year={2000},
  publisher={IEEE}
}

@book{gelman2003bayesian,
  title={Bayesian data analysis},
  author={Gelman, Andrew and Carlin, John B and Stern, Hal S and Rubin, Donald B},
  year={2003},
  publisher={CRC press}
}

@article{minsky1974framework,
  title={A framework for representing knowledge},
  author={Minsky, Marvin},
  year={1974}
}