@INPROCEEDINGS{macl09airl,
  author = {Manuel Lopes and Francisco S. Melo and Luis Montesano},
 title = {Active Learning for Reward Estimation in Inverse Reinforcement Learning},
 booktitle = {Proceedings of the European Conference on Machine Learning and Knowledge Discovery in Databases: Part II},
 series = {ECML PKDD '09},
 year = {2009},
 location = {Bled, Slovenia},
 pages = {31--46}
}