@ARTICLE{argall09survey,
  author = {Brenna Argall and Sonia Chernova and Manuela Veloso},
  title = {A Survey of Robot Learning from Demonstration},
  journal = {Robotics and Autonomous Systems},
  year = {2009},
  volume = {57},
  pages = {469--483},
  number = {5}
}

@CONFERENCE{nicolescu2003natural,
  author = {Nicolescu, M.N. and Mataric, M.J.},
  title = {{Natural methods for robot task learning: Instructive demonstrations,
    generalization and practice}},
  booktitle = {Proceedings of the second international joint conference on Autonomous
    agents and multiagent systems},
  year = {2003},
  pages = {241--248},
  organization = {ACM},
  isbn = {1581136838}
}

@ARTICLE{calinon07,
  author = {S. Calinon and F. Guenter and A. Billard},
  title = {On Learning, Representing and Generalizing a Task in a Humanoid Robot},
  journal = {{IEEE} Transactions on Systems, Man and Cybernetics, Part {B}. {S}pecial
  issue on robot learning by observation, demonstration and imitation},
  year = {2007},
  volume = {37},
  pages = {286--298},
  number = {2}
}

@INPROCEEDINGS{Abbeel04icml,
  author = {Pieter Abbeel and Andrew Y. Ng},
  title = {Apprenticeship learning via inverse reinforcement learning},
  booktitle = {Proceedings of the 21st International Conference on Machine Learning
  (ICML'04)},
  year = {2004},
  pages = {1-8}
}

@article{nehaniv2000hummingbirds,
  title={OF HUMMINGBIRDS AND HELICOPTERS: AN ALGEBRAIC},
  author={Nehaniv, Chrystopher L and Dautenhahn, Kerstin},
  journal={Interdisciplinary Approaches to Robot Learning},
  volume={24},
  pages={136},
  year={2000},
  publisher={World Scientific}
}

@article{nehaniv2002correspondence,
  title={The Correspondence Problem},
  author={Nehaniv, Chrystopher L and Dautenhahn, Kerstin},
  journal={Imitation in animals and artifacts},
  pages={41},
  year={2002},
  publisher={MIT Press}
}

@article{abbeel2007application,
  title={An application of reinforcement learning to aerobatic helicopter flight},
  author={Abbeel, Pieter and Coates, Adam and Quigley, Morgan and Ng, Andrew Y},
  journal={Advances in neural information processing systems},
  volume={19},
  pages={1},
  year={2007},
  publisher={MIT; 1998}
}