@INPROCEEDINGS{nguyen2011bootstrapping,
  author = {Nguyen, S.M. and Baranes, A. and Oudeyer, P.Y.},
  title = {Bootstrapping intrinsically motivated learning with human demonstration},
  booktitle = {International Conference on Development and Learning (ICDL'11)},
  year = {2011}
}

@inproceedings{schmidhuber1991curious,
  title={Curious model-building control systems},
  author={Schmidhuber, J{\"u}rgen},
  booktitle={Neural Networks, 1991. 1991 IEEE International Joint Conference on},
  pages={1458--1463},
  year={1991},
  organization={IEEE}
}

@inproceedings{schmidhuber1991adaptive,
  title={Adaptive confidence and adaptive curiosity},
  author={Schmidhuber, J{\"u}rgen},
  booktitle={Institut fur Informatik, Technische Universitat Munchen, Arcisstr. 21, 800 Munchen 2},
  year={1991},
  organization={Citeseer}
}


@book{singh2005intrinsically,
  title={Intrinsically motivated reinforcement learning},
  author={Singh, Satinder and Barto, Andrew G and Chentanez, Nuttapong},
  year={2005},
  publisher={Defense Technical Information Center}
}

@inproceedings{barto2004intrinsically,
  title={Intrinsically motivated learning of hierarchical collections of skills},
  author={Barto, Andrew G and Singh, Satinder and Chentanez, Nuttapong},
  booktitle={Proceedings of the 3rd International Conference on Development and Learning (ICDL 2004)},
  pages={112--19},
  year={2004}
}

@inproceedings{storck1995reinforcement,
  title={Reinforcement driven information acquisition in non-deterministic environments},
  author={Storck, Jan and Hochreiter, Sepp and Schmidhuber, J{\"u}rgen},
  booktitle={Proceedings of the International Conference on Artificial Neural Networks, Paris},
  volume={2},
  pages={159--164},
  year={1995},
  organization={Citeseer}
}

@article{oudeyer2007what,
  title={What is intrinsic motivation? a typology of computational approaches},
  author={Oudeyer, Pierre-Yves and Kaplan, Frederic},
  journal={Frontiers in neurorobotics},
  volume={1},
  year={2007},
  publisher={Frontiers Research Foundation}
}


@article{oudeyer2007intrinsic,
  title={Intrinsic motivation systems for autonomous mental development},
  author={Oudeyer, P-Y and Kaplan, Fr{\'e}d{\'e}ric and Hafner, Verena Vanessa},
  journal={Evolutionary Computation, IEEE Transactions on},
  volume={11},
  number={2},
  pages={265--286},
  year={2007},
  publisher={IEEE}
}

@article{kaplan2003motivational,
  title={Motivational principles for visual know-how development},
  author={Kaplan, Frederic and Oudeyer, Pierre-Yves},
  year={2003},
  publisher={Lund University Cognitive Studies}
}

@article{merrick2009motivated,
  title={Motivated learning from interesting events: adaptive, multitask learning agents for complex environments},
  author={Merrick, Kathryn and Maher, Mary Lou},
  journal={Adaptive Behavior},
  volume={17},
  number={1},
  pages={7--27},
  year={2009},
  publisher={Sage Publications}
}

@inproceedings{schembri2007evolving,
  title={Evolving internal reinforcers for an intrinsically motivated reinforcement-learning robot},
  author={Schembri, Massimiliano and Mirolli, Marco and Baldassarre, Gianluca},
  booktitle={Development and Learning, 2007. ICDL 2007. IEEE 6th International Conference on},
  pages={282--287},
  year={2007},
  organization={IEEE}
}

@inproceedings{csimcsek2006intrinsic,
  title={An intrinsic reward mechanism for efficient exploration},
  author={{\c{S}}im{\c{s}}ek, {\"O}zg{\"u}r and Barto, Andrew G},
  booktitle={Proceedings of the 23rd international conference on Machine learning},
  pages={833--840},
  year={2006},
  organization={ACM}
}

@inproceedings{sporns2006evolving,
  title={Evolving coordinated behavior by maximizing information structure},
  author={Sporns, Olaf and Lungarella, Max},
  booktitle={Artificial life X: proceedings of the tenth international conference on the simulation and synthesis of living systems},
  pages={323--329},
  year={2006}
}

@inproceedings{marshall2004emergent,
  title={An emergent framework for self-motivation in developmental robotics},
  author={Marshall, J and Blank, Douglas and Meeden, Lisa},
  booktitle={Proceedings of the 3rd international conference on development and learning (ICDL 2004), Salk Institute, San Diego},
  volume={10},
  year={2004}
}

@article{thrun1995exploration,
  title={Exploration in active learning},
  author={Thrun, Sebastian},
  journal={Handbook of Brain Science and Neural Networks},
  pages={381--384},
  year={1995},
  publisher={Citeseer}
}

@article{baranes2009r,
  title={R-IAC: Robust intrinsically motivated exploration and active learning},
  author={Baran{\`e}s, Adrien and Oudeyer, P-Y},
  journal={Autonomous Mental Development, IEEE Transactions on},
  volume={1},
  number={3},
  pages={155--169},
  year={2009},
  publisher={IEEE}
}

@article{moulin2013self,
  title={Self-Organization of Early Vocal Development in Infants and Machines: The Role of Intrinsic Motivation},
  author={Moulin-Frier, Cl{\'e}ment and Nguyen, Sao Mai and Oudeyer, Pierre-Yves},
  journal={Frontiers in Psychology},
  volume={4},
  pages={1006},
  year={2013},
  publisher={Frontiers}
}

@article{huang2002novelty,
  title={Novelty and reinforcement learning in the value system of developmental robots},
  author={Huang, Xiao and Weng, John},
  year={2002},
  publisher={Lund University Cognitive Studies}
}


@article{Nguyen2012PJBR,
  Author = {Nguyen, Sao Mai and Oudeyer, Pierre-Yves},
  Journal = {Paladyn Journal of Behavioural Robotics},
  Number = {3},
  Pages = {136-146},
  Title = {Active choice of teachers, learning strategies and goals for a socially guided intrinsic motivation learner},
  Volume = {3},
  Year = {2012}
  }