@inproceedings{grizou2014interactive,
  title={Interactive Learning from Unlabeled Instructions},
  author={Grizou, Jonathan and Iturrate, I{\~n}aki and Montesano, Luis and Oudeyer, Pierre-Yves and Lopes, Manuel},
  booktitle={Proceedings of the Thirtieth Conference on Uncertainty in Artificial Intelligence},
  year={2014}
}

@inproceedings{grizou2013robot,
  title={Robot learning simultaneously a task and how to interpret human instructions},
  author={Grizou, Jonathan and Lopes, Manuel and Oudeyer, Pierre-Yves},
  booktitle={Development and Learning and Epigenetic Robotics (ICDL), 2013 IEEE Third Joint International Conference on},
  pages={1--8},
  year={2013},
  organization={IEEE}
}

@inproceedings{grizou2013interactive,
  title={Interactive Task Estimation From Unlabelled Teaching Signals},
  author={Grizou, Jonathan and Iturrate, I{\~n}aki and Montesano, Luis and Lopes, Manuel and Oudeyer, Pierre-Yves and others},
  booktitle={International Workshop on Human-Machine Systems, Cyborgs and Enhancing Devices},
  year={2013}
}

@inproceedings{grizou2013zero,
  title={Zero-calibration BMIs for sequential tasks using error-related potentials},
  author={Grizou, Jonathan and Iturrate, Inaki and Montesano, Luis and Lopes, Manuel and Oudeyer, Pierre-Yves and others},
  booktitle={IROS 2013 Workshop on Neuroscience and Robotics},
  year={2013}
}

@inproceedings{csapo2012multimodal,
  title={Multimodal conversational interaction with a humanoid robot},
  author={Csapo, Adam and Gilmartin, Emer and Grizou, Jonathan and Han, JingGuang and Meena, Raveesh and Anastasiou, Dimitra and Jokinen, Kristiina and Wilcock, Graham},
  booktitle={Cognitive Infocommunications (CogInfoCom), 2012 IEEE 3rd International Conference on},
  pages={667--672},
  year={2012},
  organization={IEEE}
}

@article{csapo2012speech,
  title={Speech, gaze and gesturing: multimodal conversational interaction with Nao robot},
  author={Csapo, Adam and Gilmartin, Emer and Grizou, Jonathan and Han, JingGuang and Meena, Raveesh and Anastasiou, Dimitra and Jokinen, Kristiina and Wilcock, Graham},
  journal={ENTERFACE12 Summer Workshop-final report},
  year={2012}
}

@inproceedings{grizou2014robot,
  title={Robot Learning from Unlabelled Teaching Signals},
  author={Grizou, Jonathan and Lopes, Manuel and Oudeyer, Pierre-Yves and others},
  booktitle={HRI 2014 Pioneers Workshop},
  year={2014}
}

@article{grizou2014calibration,
  title={Calibration-Free BCI Based Control},
  author={Grizou, Jonathan and Iturrate, Inaki and Montesano, Luis and Oudeyer, Pierre-Yves and Lopes, Manuel and others},
  journal={International AAAI Conference on Artificial Intelligence},
  pages={1--8},
  year={2014}
}

@inproceedings{csapo2012open,
  title={Open-Domain Conversation with a NAO Robot},
  author={Csapo, Adam and Gilmartin, Emer and Grizou, Jonathan and Han, Jingguang and Meena, Raveesh and Anastasiou, Dimitra and Jokinen, Kristiina and Wilcock, Graham},
  booktitle={3rd International Conference on Cognitive Infocommunications (CogInfoCom 2012)},
  year={2012}
}
