@article{cederborg2013language,
  title={From Language to Motor Gavagai: Unified Imitation Learning of Multiple Linguistic and Nonlinguistic Sensorimotor Skills},
  author={Cederborg, Thomas and Oudeyer, P-Y},
  journal={Autonomous Mental Development, IEEE Transactions on},
  volume={5},
  number={3},
  pages={222--239},
  year={2013},
  publisher={IEEE}
}
