@inproceedings{grizou2014calibration,
    title = {{Calibration-Free BCI Based Control}},
    author = {Grizou, Jonathan and Iturrate, I{\~n}aki and Montesano, Luis and Oudeyer, Pierre-Yves and Lopes, Manuel},
    booktitle = {{AAAI Conference on Artificial Intelligence}},
    address = {Quebec, Canada},
    year = {2014},
}