@ARTICLE{thomaz2008teachable,
  author = {Thomaz, A.L. and Breazeal, C.},
  title = {Teachable robots: Understanding human teaching behavior to build
    more effective robot learners},
  journal = {Artificial Intelligence},
  year = {2008},
  volume = {172},
  pages = {716--737},
  number = {6-7},
  publisher = {Elsevier}
}

@INPROCEEDINGS{Cakmak2010optimality,
  author = {M. Cakmak and A.L. Thomaz},
  title = {Optimality of Human Teachers for Robot Learners},
  booktitle = {Proceedings of the International Conference on Development and Learning
    (ICDL)},
  year = {2010},
  owner = {mlopes},
  timestamp = {2011.03.16}
}

@INPROCEEDINGS{thomaz2009learning,
  author = {Thomaz, A.L. and Cakmak, M.},
  title = {Learning about objects with human teachers},
  booktitle = {Proceedings of the 4th ACM/IEEE international conference on Human
    robot interaction},
  year = {2009},
  pages = {15--22},
  organization = {ACM}
}

@ARTICLE{kaochar2011towards,
  author = {Kaochar, T. and Peralta, R. and Morrison, C. and Fasel, I. and Walsh,
    T. and Cohen, P.},
  title = {Towards Understanding How Humans Teach Robots},
  journal = {User Modeling, Adaption and Personalization},
  year = {2011},
  pages = {347--352},
  publisher = {Springer}
}

@ARTICLE{knox2012humans,
  author = {Knox, W. and Glass, B. and Love, B. and Maddox, W. and Stone, P.},
  title = {How humans teach agents: A new experimental perspective},
  journal = {International Journal of Social Robotics, Special Issue on Robot
    Learning from Demonstration},
  year = {2012}
}

@article{rouanet2013impact,
  title={The impact of human--robot interfaces on the learning of visual objects},
  author={Rouanet, Pierre and Oudeyer, Pierre-Yves and Danieau, Fabien and Filliat, David},
  journal={Robotics, IEEE Transactions on},
  volume={29},
  number={2},
  pages={525--541},
  year={2013},
  publisher={IEEE}
}

@article{breazeal2004tutelage,
  title={Tutelage and collaboration for humanoid robots},
  author={Breazeal, Cynthia and Brooks, Andrew and Gray, Jesse and Hoffman, Guy and Kidd, Cory and Lee, Hans and Lieberman, Jeff and Lockerd, Andrea and Chilongo, David},
  journal={International Journal of Humanoid Robotics},
  volume={1},
  number={02},
  pages={315--348},
  year={2004},
  publisher={World Scientific}
}

@inproceedings{lockerd2004tutelage,
  title={Tutelage and socially guided robot learning},
  author={Lockerd, Andrea and Breazeal, Cynthia},
  booktitle={Intelligent Robots and Systems, 2004.(IROS 2004). Proceedings. 2004 IEEE/RSJ International Conference on},
  volume={4},
  pages={3475--3480},
  year={2004},
  organization={IEEE}
}


@inproceedings{akgun12hri,
  Author = {B. Akgun and M. Cakmak and J. W. Yoo and A.L. Thomaz},
  Title = {Trajectories and Keyframes for Kinesthetic Teaching: A Human-Robot Interaction Perspective},
  Booktitle = {Proceedings of the International Conference on Human-Robot Interaction (HRI)},
  Year = {2012}
}

@inproceedings{fischer2013impact,
  title={The impact of the contingency of robot feedback on HRI},
  author={Fischer, Kerstin and Lohan, Katrin and Saunders, Joe and Nehaniv, Chrystopher and Wrede, Britta and Rohlfing, Katharina},
  booktitle={Collaboration Technologies and Systems (CTS), 2013 International Conference on},
  pages={210--217},
  year={2013},
  organization={IEEE}
}

@article{vollmer2014robots,
  title={Robots Show Us How to Teach Them: Feedback from Robots Shapes Tutoring Behavior during Action Learning},
  author={Vollmer, Anna-Lisa and M{\"u}hlig, Manuel and Steil, Jochen J and Pitsch, Karola and Fritsch, Jannik and Rohlfing, Katharina J and Wrede, Britta},
  journal={PloS one},
  volume={9},
  number={3},
  pages={e91349},
  year={2014},
  publisher={Public Library of Science}
}

@article{pitsch2013robot,
  title={Robot feedback shapes the tutor's presentation How a robot's online gaze strategies lead to micro-adaptation of the human's conduct.},
  author={Pitsch, Karola and Vollmer, Anna-Lisa and Muhlig, Manuel},
  journal={Interaction Studies},
  volume={14},
  number={2},
  year={2013}
}


@inproceedings{cakmak2012designing,
  title={Designing robot learners that ask good questions},
  author={Cakmak, Maya and Thomaz, Andrea L},
  booktitle={Proceedings of the seventh annual ACM/IEEE international conference on Human-Robot Interaction},
  pages={17--24},
  year={2012},
  organization={ACM}
}

@article{fong2003survey,
  title={A survey of socially interactive robots},
  author={Fong, Terrence and Nourbakhsh, Illah and Dautenhahn, Kerstin},
  journal={Robotics and autonomous systems},
  volume={42},
  number={3},
  pages={143--166},
  year={2003},
  publisher={Elsevier}
}

@article{dautenhahn2007socially,
  title={Socially intelligent robots: dimensions of human--robot interaction},
  author={Dautenhahn, Kerstin},
  journal={Philosophical Transactions of the Royal Society B: Biological Sciences},
  volume={362},
  number={1480},
  pages={679--704},
  year={2007},
  publisher={The Royal Society}
}

@article{goodrich2007human,
  title={Human-robot interaction: a survey},
  author={Goodrich, Michael A and Schultz, Alan C},
  journal={Foundations and trends in human-computer interaction},
  volume={1},
  number={3},
  pages={203--275},
  year={2007},
  publisher={Now Publishers Inc.}
}

@inproceedings{andrist2014conversational,
  title={Conversational Gaze Aversion for Humanlike Robots},
  author={Andrist, Sean and Tan, Xiang Zhi  and Gleicher, Michael and Mutlu, Bilge},
  booktitle={Proceedings of the 2014 ACM/IEEE International Conference on Human-Robot Interaction (HRI '14)},
  pages={25-32},
  year={2014}
}

@inproceedings{strait2014let,
  title={Let me tell you! investigating the effects of robot communication strategies in advice-giving situations based on robot appearance, interaction modality and distance},
  author={Strait, Megan and Canning, Cody and Scheutz, Matthias},
  booktitle={Proceedings of the 2014 ACM/IEEE international conference on Human-robot interaction},
  pages={479--486},
  year={2014},
  organization={ACM}
}

@inproceedings{moon2014meet,
 author = {Moon, AJung and Troniak, Daniel M. and Gleeson, Brian and Pan, Matthew K.X.J. and Zheng, Minhua and Blumer, Benjamin A. and MacLean, Karon and Croft, Elizabeth A.},
 title = {Meet Me Where I'M Gazing: How Shared Attention Gaze Affects Human-robot Handover Timing},
 booktitle = {Proceedings of the 2014 ACM/IEEE International Conference on Human-robot Interaction},
 location = {Bielefeld, Germany},
 pages = {334--341},
 publisher = {ACM},
 address = {New York, NY, USA}
} 


@inproceedings{kruse2014evaluating,
  title={Evaluating directional cost models in navigation},
  author={Kruse, Thibault and Kirsch, Alexandra and Khambhaita, Harmish and Alami, Rachid},
  booktitle={Proceedings of the 2014 ACM/IEEE international conference on Human-robot interaction},
  pages={350--357},
  year={2014},
  organization={ACM}
}

@inproceedings{nakagawa2011effect,
  title={Effect of robot's active touch on people's motivation},
  author={Nakagawa, Kayako and Shiomi, Masahiro and Shinozawa, Kazuhiko and Matsumura, Reo and Ishiguro, Hiroshi and Hagita, Norihiro},
  booktitle={Proceedings of the 6th international conference on Human-robot interaction},
  pages={465--472},
  year={2011},
  organization={ACM}
}

@inproceedings{walters2005practical,
  title={Practical and methodological challenges in designing and conducting human-robot interaction studies},
  author={Walters, Michael L and Woods, SN and Koay, Kheng Lee and Dautenhahn, Kerstin},
  booktitle={Proceedings of the AISB},
  volume={5},
  pages={110--119},
  year={2005}
}

@inproceedings{scholtz2003theory,
  title={Theory and evaluation of human robot interactions},
  author={Scholtz, Jean},
  booktitle={System Sciences, 2003. Proceedings of the 36th Annual Hawaii International Conference on},
  pages={10--pp},
  year={2003},
  organization={IEEE}
}

@article{young2011evaluating,
  title={Evaluating human-robot interaction},
  author={Young, James E and Sung, JaYoung and Voida, Amy and Sharlin, Ehud and Igarashi, Takeo and Christensen, Henrik I and Grinter, Rebecca E},
  journal={International Journal of Social Robotics},
  volume={3},
  number={1},
  pages={53--67},
  year={2011},
  publisher={Springer}
}

@article{nakauchi2002social,
  title={A social robot that stands in line},
  author={Nakauchi, Yasushi and Simmons, Reid},
  journal={Autonomous Robots},
  volume={12},
  number={3},
  pages={313--324},
  year={2002},
  publisher={Springer}
}

@article{mori1970uncanny,
  title={The uncanny valley},
  author={Mori, Masahiro},
  journal={Energy},
  volume={7},
  number={4},
  pages={33--35},
  year={1970}
}

@article{heerink2006studying,
  title={Studying the acceptance of a robotic agent by elderly users},
  author={Heerink, M and Kr{\"o}se, BJA and Wielinga, BJ and Evers, V},
  journal={International Journal of Assistive Robotics and Mechatronics},
  volume={7},
  number={3},
  pages={33--43},
  year={2006},
  publisher={ACM}
}

@inproceedings{bartneck2007uncanny,
  title={Is the uncanny valley an uncanny cliff?},
  author={Bartneck, Christoph and Kanda, Takayuki and Ishiguro, Hiroshi and Hagita, Norihiro},
  booktitle={Robot and Human interactive Communication, 2007. RO-MAN 2007. The 16th IEEE International Symposium on},
  pages={368--373},
  year={2007},
  organization={IEEE}
}

@article{li2010cross,
  title={A cross-cultural study: effect of robot appearance and task},
  author={Li, Dingjun and Rau, PL Patrick and Li, Ye},
  journal={International Journal of Social Robotics},
  volume={2},
  number={2},
  pages={175--186},
  year={2010},
  publisher={Springer}
}

@book{nehaniv2007imitation,
  title={Imitation and social learning in robots, humans and animals: behavioural, social and communicative dimensions},
  author={Nehaniv, Chrystopher L and Dautenhahn, Kerstin},
  year={2007},
  publisher={Cambridge University Press}
}


@article{schaal1999imitation,
  title={Is imitation learning the route to humanoid robots?},
  author={Schaal, Stefan},
  journal={Trends in cognitive sciences},
  volume={3},
  number={6},
  pages={233--242},
  year={1999},
  publisher={Elsevier}
}

@inproceedings{theofilis2013temporal,
  title={Temporal emphasis for goal extraction in task demonstration to a humanoid robot by naive users},
  author={Theofilis, Konstantinos and Lohan, Katrin Solveig and Nehaniv, Chrystopher L and Dautenhahn, Kerstin and Werde, Britta},
  booktitle={Development and Learning and Epigenetic Robotics (ICDL), 2013 IEEE Third Joint International Conference on},
  pages={1--6},
  year={2013},
  organization={IEEE}
}


@inproceedings{kose2008emergent,
  title={Emergent dynamics of turn-taking interaction in drumming games with a humanoid robot},
  author={Kose-Bagci, Hatice and Dautenhahn, Kerstin and Nehaniv, Chrystopher L},
  booktitle={Robot and Human Interactive Communication, 2008. RO-MAN 2008. The 17th IEEE International Symposium on},
  pages={346--353},
  year={2008},
  organization={IEEE}
}


@inproceedings{weinberg2006robot,
  title={Robot-human interaction with an anthropomorphic percussionist},
  author={Weinberg, Gil and Driscoll, Scott},
  booktitle={Proceedings of the SIGCHI conference on Human Factors in computing systems},
  pages={1229--1232},
  year={2006},
  organization={ACM}
}

@inproceedings{michalowski2007dancing,
  title={A dancing robot for rhythmic social interaction},
  author={Michalowski, Marek P and Sabanovic, Selma and Kozima, Hideki},
  booktitle={Human-Robot Interaction (HRI), 2007 2nd ACM/IEEE International Conference on},
  pages={89--96},
  year={2007},
  organization={IEEE}
}

@article{montesano2008learning,
  title={Learning object affordances: From sensory--motor coordination to imitation},
  author={Montesano, Luis and Lopes, Manuel and Bernardino, Alexandre and Santos-Victor, Jos{\'e}},
  journal={Robotics, IEEE Transactions on},
  volume={24},
  number={1},
  pages={15--26},
  year={2008},
  publisher={IEEE}
}


@article{hyon2007full,
  title={Full-body compliant human--humanoid interaction: balancing in the presence of unknown external forces},
  author={Hyon, S and Hale, Joshua G and Cheng, Gordon},
  journal={Robotics, IEEE Transactions on},
  volume={23},
  number={5},
  pages={884--898},
  year={2007},
  publisher={IEEE}
}

@inproceedings{yamane2009simultaneous,
  title={Simultaneous tracking and balancing of humanoid robots for imitating human motion capture data},
  author={Yamane, Katsu and Hodgins, Jessica},
  booktitle={Intelligent Robots and Systems, 2009. IROS 2009. IEEE/RSJ International Conference on},
  pages={2510--2517},
  year={2009},
  organization={IEEE}
}

@article{cakmak2010designing,
  title={Designing interactions for robot active learners},
  author={Cakmak, Maya and Chao, Crystal and Thomaz, Andrea L},
  journal={Autonomous Mental Development, IEEE Transactions on},
  volume={2},
  number={2},
  pages={108--118},
  year={2010},
  publisher={IEEE}
}

@inproceedings{knox2009design,
  title={Design Principles for Creating Human-Shapable Agents.},
  author={Knox, W Bradley and Fasel, Ian and Stone, Peter},
  booktitle={AAAI Spring Symposium: Agents that Learn from Human Teachers},
  pages={79--86},
  year={2009}
}

@inproceedings{lin2012learning,
  title={Learning grasping force from demonstration},
  author={Lin, Yun and Ren, Shaogang and Clevenger, Matthew and Sun, Yu},
  booktitle={Robotics and Automation (ICRA), 2012 IEEE International Conference on},
  pages={1526--1531},
  year={2012},
  organization={IEEE}
}

@article{tegin2009demonstration,
  title={Demonstration-based learning and control for automatic grasping},
  author={Tegin, Johan and Ekvall, Staffan and Kragic, Danica and Wikander, Jan and Iliev, Boyko},
  journal={Intelligent Service Robotics},
  volume={2},
  number={1},
  pages={23--30},
  year={2009},
  publisher={Springer}
}

@incollection{calinon2008robot,
  title={Robot programming by demonstration},
  author={Calinon, Sylvain},
  booktitle={Springer handbook of robotics},
  pages={1371--1394},
  year={2008},
  publisher={Springer}
}

@article{guenter2007reinforcement,
  title={Reinforcement learning for imitating constrained reaching movements},
  author={Guenter, Florent and Hersch, Micha and Calinon, Sylvain and Billard, Aude},
  journal={Advanced Robotics},
  volume={21},
  number={13},
  pages={1521--1544},
  year={2007},
  publisher={Taylor \& Francis}
}

@article{calinon2007teacher,
  title={What is the teacher's role in robot programming by demonstration?: Toward benchmarks for improved learning},
  author={Calinon, Sylvain and Billard, Aude G},
  journal={Interaction Studies},
  volume={8},
  number={3},
  pages={441--464},
  year={2007},
  publisher={John Benjamins Publishing Company}
}

@inproceedings{ijspeert2002movement,
  title={Movement imitation with nonlinear dynamical systems in humanoid robots},
  author={Ijspeert, Auke Jan and Nakanishi, Jun and Schaal, Stefan},
  booktitle={Robotics and Automation, 2002. Proceedings. ICRA'02. IEEE International Conference on},
  volume={2},
  pages={1398--1403},
  year={2002},
  organization={IEEE}
}

@inproceedings{grollman2007learning,
  title={Learning robot soccer skills from demonstration},
  author={Grollman, Daniel H and Jenkins, Odest Chadwicke},
  booktitle={Development and Learning, 2007. ICDL 2007. IEEE 6th International Conference on},
  pages={276--281},
  year={2007},
  organization={IEEE}
}


@article{chella2004posture,
  title={A posture sequence learning system for an anthropomorphic robotic hand},
  author={Chella, Antonio and D{\v{z}}indo, Haris and Infantino, Ignazio and Macaluso, Irene},
  journal={Robotics and Autonomous Systems},
  volume={47},
  number={2},
  pages={143--152},
  year={2004},
  publisher={Elsevier}
}

@article{billard2001learning,
  title={Learning human arm movements by imitation:: Evaluation of a biologically inspired connectionist architecture},
  author={Billard, Aude and Matari{\'c}, Maja J},
  journal={Robotics and Autonomous Systems},
  volume={37},
  number={2},
  pages={145--160},
  year={2001},
  publisher={Elsevier}
}

@inproceedings{pardowitz2005learning,
  title={Learning sequential constraints of tasks from user demonstrations},
  author={Pardowitz, Michael and Zollner, Raoul and Dillmann, R{\"u}diger},
  booktitle={Humanoid Robots, 2005 5th IEEE-RAS International Conference on},
  pages={424--429},
  year={2005},
  organization={IEEE}
}

@inproceedings{natarajan2011imitation,
  title={Imitation learning in relational domains: A functional-gradient boosting approach},
  author={Natarajan, Sriraam and Joshi, Saket and Tadepalli, Prasad and Kersting, Kristian and Shavlik, Jude},
  booktitle={Proceedings of the Twenty-Second international joint conference on Artificial Intelligence-Volume Volume Two},
  pages={1414--1420},
  year={2011},
  organization={AAAI Press}
}

@inproceedings{hovland1996skill,
  title={Skill acquisition from human demonstration using a hidden markov model},
  author={Hovland, Geir E and Sikka, Pavan and McCarragher, Brenan J},
  booktitle={Robotics and Automation, 1996. Proceedings., 1996 IEEE International Conference on},
  volume={3},
  pages={2706--2711},
  year={1996},
  organization={Ieee}
}

@inproceedings{mataric2000sensory,
  title={Sensory-motor primitives as a basis for imitation: Linking perception to action and biology to robotics},
  author={Mataric, Maja J},
  booktitle={Imitation in animals and artifacts},
  year={2000},
  organization={Citeseer}
}

@inproceedings{chernova2008teaching,
  title={Teaching multi-robot coordination using demonstration of communication and state sharing},
  author={Chernova, Sonia and Veloso, Manuela},
  booktitle={Proceedings of the 7th international joint conference on Autonomous agents and multiagent systems-Volume 3},
  pages={1183--1186},
  year={2008},
  organization={International Foundation for Autonomous Agents and Multiagent Systems}
}

@inproceedings{saunders2006teaching,
  title={Teaching robots by moulding behavior and scaffolding the environment},
  author={Saunders, Joe and Nehaniv, Chrystopher L and Dautenhahn, Kerstin},
  booktitle={Proceedings of the 1st ACM SIGCHI/SIGART conference on Human-robot interaction},
  pages={118--125},
  year={2006},
  organization={ACM}
}

@inproceedings{ijspeert2002learning,
  title={Learning rhythmic movements by demonstration using nonlinear oscillators},
  author={Ijspeert, Auke Jan and Nakanishi, Jun and Schaal, Stefan},
  booktitle={Proceedings of the ieee/rsj int. conference on intelligent robots and systems (iros2002)},
  number={BIOROB-CONF-2002-003},
  pages={958--963},
  year={2002}
}

@article{pomerleau1991efficient,
  title={Efficient training of artificial neural networks for autonomous navigation},
  author={Pomerleau, Dean A},
  journal={Neural Computation},
  volume={3},
  number={1},
  pages={88--97},
  year={1991},
  publisher={MIT Press}
}

@inproceedings{maclin2005giving,
  title={Giving advice about preferred actions to reinforcement learners via knowledge-based kernel regression},
  author={Maclin, Richard and Shavlik, Jude and Torrey, Lisa and Walker, Trevor and Wild, Edward},
  booktitle={Proceedings of the National Conference on Artificial intelligence},
  volume={20},
  number={2},
  pages={819},
  year={2005},
  organization={Menlo Park, CA; Cambridge, MA; London; AAAI Press; MIT Press; 1999}
}

@inproceedings{clouse1992teaching,
  title={A teaching method for reinforcement learning},
  author={Clouse, Jeffery A and Utgoff, Paul E},
  booktitle={ML},
  pages={92--110},
  year={1992}
}

@inproceedings{smart2002effective,
  title={Effective reinforcement learning for mobile robots},
  author={Smart, William D and Kaelbling, Leslie Pack},
  booktitle={Robotics and Automation, 2002. Proceedings. ICRA'02. IEEE International Conference on},
  volume={4},
  pages={3404--3410},
  year={2002},
  organization={IEEE}
}

@inproceedings{blumberg2002integrated,
  title={Integrated learning for interactive synthetic characters},
  author={Blumberg, Bruce and Downie, Marc and Ivanov, Yuri and Berlin, Matt and Johnson, Michael Patrick and Tomlinson, Bill},
  booktitle={ACM Transactions on Graphics (TOG)},
  volume={21},
  number={3},
  pages={417--426},
  year={2002},
  organization={ACM}
}

@inproceedings{isbell2001social,
  title={A social reinforcement learning agent},
  author={Isbell, Charles and Shelton, Christian R and Kearns, Michael and Singh, Satinder and Stone, Peter},
  booktitle={Proceedings of the fifth international conference on Autonomous agents},
  pages={377--384},
  year={2001},
  organization={ACM}
}

@inproceedings{kolter2007hierarchical,
  title={Hierarchical apprenticeship learning with application to quadruped locomotion},
  author={Kolter, J Zico and Abbeel, Pieter and Ng, Andrew Y},
  booktitle={Advances in Neural Information Processing Systems},
  pages={769--776},
  year={2007}
}

