@inproceedings{griffiths2012bottom,
  title={Bottom-up learning of feedback in a categorization task},
  author={Griffiths, S. and Nolfi, S. and Morlino, G. and Schillingmann, L. and Kuehnel, S. and Rohlfing, K. and Wrede, B.},
  booktitle={Development and Learning and Epigenetic Robotics (ICDL), 2012 IEEE International Conference on},
  pages={1--6},
  year={2012},
  organization={IEEE}
}

@article{galantucci2009experimental,
  title={Experimental semiotics: A new approach for studying communication as a form of joint action},
  author={Galantucci, B.},
  journal={Topics in Cognitive Science},
  volume={1},
  number={2},
  pages={393--410},
  year={2009},
  publisher={Wiley Online Library}
}