@INCOLLECTION{lopes10imitationchapter,
  author = {Manuel Lopes and Francisco Melo and Luis Montesano and Jos'e Santos-Victor},
  title = {Abstraction Levels for Robotic Imitation: Overview and Computational
    Approaches},
  booktitle = {From Motor to Interaction Learning in Robots},
  publisher = {Springer},
  year = {2010},
  editor = {Olivier Sigaud and Jan Peters},
  volume = {264},
  series = {Studies in Computational Intelligence},
  pages = {313-355}
}

@INPROCEEDINGS{macl07affimit,
  author = {Manuel Lopes and Francisco S. Melo and Luis Montesano},
  title = {Affordance-based imitation learning in robots},
  booktitle = {IEEE/RSJ International Conference on Intelligent Robots and Systems (IROS'07)},
  year = {2007},
  pages = {1015-1021},
  address = {USA},
  month = {Nov}
}

@INPROCEEDINGS{macl11simul, 
  author={Lopes, M. and Cederborg, T. and Oudeyer, P.-Y.}, 
  booktitle={Development and Learning (ICDL), 2011 IEEE International Conference on}, 
  title={Simultaneous acquisition of task and feedback models}, 
  year={2011}, 
  month={aug.}, 
  volume={2}, 
  number={}, 
  pages={1 -7}
}

@incollection{lopes2009active,
  title={Active learning for reward estimation in inverse reinforcement learning},
  author={Lopes, Manuel and Melo, Francisco and Montesano, Luis},
  booktitle={Machine Learning and Knowledge Discovery in Databases},
  pages={31--46},
  year={2009},
  publisher={Springer}
}


@inproceedings{cakmak2012algorithmic,
  title={Algorithmic and Human Teaching of Sequential Decision Tasks.},
  author={Cakmak, Maya and Lopes, Manuel and others},
  booktitle={AAAI},
  year={2012}
}

@article{montesano2012active,
  title={Active learning of visual descriptors for grasping using non-parametric smoothed beta distributions},
  author={Montesano, Luis and Lopes, Manuel},
  journal={Robotics and Autonomous Systems},
  volume={60},
  number={3},
  pages={452--462},
  year={2012},
  publisher={Elsevier}
}
