@article{millan10,
  title={Combining brain--computer interfaces and assistive technologies: state-of-the-art and challenges},
  author={JdR. Mill\'an and R. Rupp and G. R. Müller-Putz and R. Murray-Smith and C. Giugliemma and  M. Tangermann and C. Vidaurre and F. Cincotti and A. Kübler and R. Leeb and C. Neuper and K.-R. Müller and D. Mattia},
  journal={Front Neurosci},
  volume={4},
  year={2010},
  publisher={Frontiers Research Foundation}
}

@article{chavarriaga2010learning,
  title={Learning from EEG error-related potentials in noninvasive brain-computer interfaces},
  author={Chavarriaga, R and Mill\'{a}n, JdR},
  journal={IEEE Trans Neural Syst Rehabil Eng},
  volume={18},
  number={4},
  issn={1534-4320},
  year={2010},
  publisher={IEEE}
} 

@inproceedings{iturrate2010robot,
  title={Robot Reinforcement Learning using EEG-based reward signals},
  author={Iturrate, I{\~n}aki and Montesano, Luis and Minguez, Javier},
  booktitle={Robotics and Automation (ICRA), 2010 IEEE International Conference on},
  pages={4822--4829},
  year={2010},
  organization={IEEE}
}

@ARTICLE{vidaurre11, 
  author={Vidaurre, C and Kawanabe, M and von B\"{u}nau, P and Blankertz, B and M\"{u}ller, KR}, 
  journal={IEEE Trans Biomed Eng},
  title={{Toward unsupervised adaptation of LDA for brain-computer interfaces}}, 
  year={2011}, 
  volume={58(3)}
}

@article{Polich1997,
author = {Polich, J},
journal = {International Journal of Psychophysiology},
number = {1-3},
title = {{On the relationship between EEG and P300 : individual differences, aging, and ultradian rhythms}},
volume = {26},
year = {1997}
}

@article{IturrateErrP13,
  author={I. Iturrate and L. Montesano and J. Minguez},
  title={Task-dependent signal variations in EEG error-related potentials for brain-computer interfaces},
  journal={Journal of Neural Engineering},
  volume={10},
  number={2},
  year={2013}
}

@article{vidaurre2010towards,
  title={{Towards a cure for BCI illiteracy}},
  author={Vidaurre, C. and Blankertz, B.},
  journal={Brain Topogr},
  volume={23},
  number={2},
  pages={194--198},
  issn={0896-0267},
  year={2010},
  publisher={Springer}
}

@article{Kindermans2012a,
author = {Kindermans, Pieter-Jan and Verstraeten, David and Schrauwen, Benjamin},
doi = {10.1371/journal.pone.0033758},
journal = {PloS one},
month = jan,
number = {4},
pages = {e33758},
title = {{A bayesian model for exploiting application constraints to enable unsupervised training of a P300-based BCI.}},
volume = {7},
year = {2012}
}

@inproceedings{Kindermans2012b,
author = {Kindermans, PJ and Verschore, Hannes},
booktitle = {NIPS},
pages = {1--9},
title = {{A P300 BCI for the Masses: Prior Information Enables Instant Unsupervised Spelling}},
url = {http://books.nips.cc/papers/files/nips25/NIPS2012\_0332.pdf},
year = {2012}
}