@ARTICLE{chernova09jair,
  author = {S.\ Chernova and M.\ Veloso},
  title = {Interactive policy learning through confidence-based autonomy},
  journal = {J.\ Artificial Intelligence Research},
  year = {2009},
  volume = {34},
  pages = {1-25}
}

@article{kaplan2002robotic,
  title={Robotic clicker training},
  author={Kaplan, Fr{\'e}d{\'e}ric and Oudeyer, Pierre-Yves and Kubinyi, Enik{\"o} and Mikl{\'o}si, Ad{\'a}m},
  journal={Robotics and Autonomous Systems},
  volume={38},
  number={3},
  pages={197--206},
  year={2002},
  publisher={Elsevier}
}

@INPROCEEDINGS{Mason2011,
  author = {Martin Mason and Manuel Lopes},
  title = {Robot Self-Initiative and Personalization by Learning through Repeated
    Interactions},
  booktitle = {6th ACM/IEEE International Conference on Human-Robot Interaction
    (HRI'11)},
  year = {2011},
  owner = {mlopes},
  timestamp = {2010.11.10}
}

@CONFERENCE{judah2010reinforcement,
  author = {Judah, K. and Roy, S. and Fern, A. and Dietterich, T.G.},
  title = {{Reinforcement Learning Via Practice and Critique Advice}},
  booktitle = {Twenty-Fourth AAAI Conference on Artificial Intelligence
    (AAAI-10)},
  year = {2010}
}

@inproceedings{knox2009interactively,
  title={Interactively shaping agents via human reinforcement: The TAMER framework},
  author={Knox, W.B. and Stone, P.},
  booktitle={Proceedings of the fifth international conference on Knowledge capture},
  pages={9--16},
  year={2009},
  organization={ACM}
}

@inproceedings{branavan2011learning,
  title={Learning to win by reading manuals in a monte-carlo framework},
  author={Branavan, SRK and Silver, David and Barzilay, Regina},
  booktitle={Proceedings of ACL},
  pages={268--277},
  year={2011}
}

@inproceedings{kim2012unsupervised,
  title={Unsupervised PCFG induction for grounded language learning with highly ambiguous supervision},
  author={Kim, J. and Mooney, R.J.},
  booktitle={Proceedings of the Conference on Empirical Methods in Natural Language Processing and Natural Language Learning, EMNLP-CoNLL},
  volume={12},
  year={2012}
}

@article{doshi2008spoken,
  title={Spoken language interaction with model uncertainty: an adaptive human--robot interaction system},
  author={Doshi, F. and Roy, N.},
  journal={Connection Science},
  volume={20},
  number={4},
  pages={299--318},
  year={2008},
  publisher={Taylor \& Francis}
}

@inproceedings{mohammad2009unsupervised,
  title={Unsupervised simultaneous learning of gestures, actions and their associations for human-robot interaction},
  author={Mohammad, Yasser and Nishida, Toyoaki and Okada, Shogo},
  booktitle={Intelligent Robots and Systems, 2009. IROS 2009. IEEE/RSJ International Conference on},
  pages={2537--2544},
  year={2009},
  organization={IEEE}
}

@inproceedings{mohammad2010learning,
  title={Learning interaction protocols using augmented baysian networks applied to guided navigation},
  author={Mohammad, Yasser and Nishida, Toyoaki},
  booktitle={Intelligent Robots and Systems (IROS), 2010 IEEE/RSJ International Conference on},
  pages={4119--4126},
  year={2010},
  organization={IEEE}
}

@article{mohammad2009constrained,
  title={Constrained motif discovery in time series},
  author={Mohammad, Yasser and Nishida, Toyoaki},
  journal={New Generation Computing},
  volume={27},
  number={4},
  pages={319--346},
  year={2009},
  publisher={Springer}
}

@inproceedings{grollman2007dogged,
  title={Dogged Learning for Robots.},
  author={Grollman, Daniel H and Jenkins, Odest Chadwicke},
  booktitle={ICRA},
  pages={2483--2488},
  year={2007}
}

@inproceedings{pilarski2012between,
  title={Between Instruction and Reward: Human-Prompted Switching.},
  author={Pilarski, Patrick M and Sutton, Richard S},
  booktitle={AAAI Fall Symposium: Robots Learning Interactively from Human Teachers},
  year={2012}
}


@inproceedings{knox2010combining,
  title={Combining manual feedback with subsequent MDP reward signals for reinforcement learning},
  author={Knox, W Bradley and Stone, Peter},
  booktitle={Proceedings of the 9th International Conference on Autonomous Agents and Multiagent Systems: volume 1-Volume 1},
  pages={5--12},
  year={2010},
  organization={International Foundation for Autonomous Agents and Multiagent Systems}
}

@inproceedings{akrour2014programming,
  title={Programming by Feedback},
  author={Akrour, Riad and Schoenauer, Marc and Sebag, Mich{\`e}le and Souplet, Jean-Christophe and others},
  booktitle={International Conference on Machine Learning},
  year={2014}
}


@inproceedings{wilson2012bayesian,
  title={A bayesian approach for policy learning from trajectory preference queries},
  author={Wilson, Aaron and Fern, Alan and Tadepalli, Prasad},
  booktitle={Advances in Neural Information Processing Systems},
  pages={1133--1141},
  year={2012}
}

@incollection{akrour2011preference,
  title={Preference-based policy learning},
  author={Akrour, Riad and Schoenauer, Marc and Sebag, Michele},
  booktitle={Machine Learning and Knowledge Discovery in Databases},
  pages={12--27},
  year={2011},
  publisher={Springer}
}

@incollection{akrour2012april,
  title={APRIL: Active preference learning-based reinforcement learning},
  author={Akrour, Riad and Schoenauer, Marc and Sebag, Mich{\`e}le},
  booktitle={Machine Learning and Knowledge Discovery in Databases},
  pages={116--131},
  year={2012},
  publisher={Springer}
}


@article{vien2013learning,
  title={Learning via human feedback in continuous state and action spaces},
  author={Vien, Ngo Anh and Ertel, Wolfgang and Chung, Tae Choong},
  journal={Applied intelligence},
  volume={39},
  number={2},
  pages={267--278},
  year={2013},
  publisher={Springer}
}

@inproceedings{torrey2013teaching,
  title={Teaching on a budget: Agents advising agents in reinforcement learning},
  author={Torrey, Lisa and Taylor, Matthew},
  booktitle={Proceedings of the 2013 international conference on Autonomous agents and multi-agent systems},
  pages={1053--1060},
  year={2013},
  organization={International Foundation for Autonomous Agents and Multiagent Systems}
}

@inproceedings{taylor2011integrating,
  title={Integrating reinforcement learning with human demonstrations of varying ability},
  author={Taylor, Matthew E and Suay, Halit Bener and Chernova, Sonia},
  booktitle={The 10th International Conference on Autonomous Agents and Multiagent Systems-Volume 2},
  pages={617--624},
  year={2011},
  organization={International Foundation for Autonomous Agents and Multiagent Systems}
}






















