@book{sutton1998reinforcement,
  title={Reinforcement learning: An introduction},
  author={Sutton, R.S. and Barto, A.G.},
  volume={28},
  year={1998},
  publisher={Cambridge Univ Press}
}

@article{watkins1992q,
  title={Q-learning},
  author={Watkins, Christopher JCH and Dayan, Peter},
  journal={Machine learning},
  volume={8},
  number={3},
  pages={279--292},
  year={1992},
  publisher={Springer}
}

@article{sutton1999between,
  title={Between MDPs and semi-MDPs: A framework for temporal abstraction in reinforcement learning},
  author={Sutton, R.S. and Precup, D. and Singh, S.},
  journal={Artificial intelligence},
  volume={112},
  number={1},
  pages={181--211},
  year={1999},
  publisher={Elsevier Science Publishing Co, Inc, P. O. Box 882, Madison Square Station, New York, NY, 10159-0882, USA,}
}